% Книга
% Необходимые поля:
% - Название (title)
% - Автор(ы) (author, разделяются c помощью "and")
% - Город издательства (address)
% - Наименование издательства (publisher)
% - Год издания (year)
% - Общее кол-во страниц (numpages, опционально, либо везде ставить, либо нет)
% Пример оформления русской книги

% Статья
% Необходимые поля:
% - Название статьи (title)
% - Автор(ы) (author, разделяются c помощью "and")
% - Название журнала (journal)
% - Идентификационные данные (хотя бы одно из):
%   - Том (volume)
%   - Номер (number)
%   - Выпуск
% - Год издания (year)
% - Страницы (диапазон в журнале) (pages)
%     Замеч.: страницы всегда оформляются интервалом даже если статья на одну страницу

@article{church2017word2vec,
  title={Word2Vec},
  author={Church, Kenneth Ward},
  journal={Natural Language Engineering},
  volume={23},
  number={1},
  pages={155--162},
  year={2017},
  publisher={Cambridge University Press}
}

@article{jatnika2019word2vec,
  title={Word2vec model analysis for semantic similarities in english words},
  author={Jatnika, Derry and Bijaksana, Moch Arif and Suryani, Arie Ardiyanti},
  journal={Procedia Computer Science},
  volume={157},
  pages={160--167},
  year={2019},
  publisher={Elsevier}
}

@inproceedings{pennington2014glove,
  title={Glove: Global vectors for word representation},
  author={Pennington, Jeffrey and Socher, Richard and Manning, Christopher D},
  booktitle={Proceedings of the 2014 conference on empirical methods in natural language processing (EMNLP)},
  pages={1532--1543},
  year={2014}
}

@book{thesaurus,
  title={Тезаурусы в задачах информационного поиска},
  author={Лукашевич, Наталья Валентинова},
  year={2010},
  publisher={Издательство МГУ},
  address={Москва},
  year={2011},
  pages = {1--387},
  language = {russian},
}

@article{miller1995wordnet,
  title={WordNet: a lexical database for English},
  author={Miller, George A},
  journal={Communications of the ACM},
  volume={38},
  number={11},
  pages={39--41},
  year={1995},
  publisher={ACM New York, NY, USA}
}

@article{search,
  title={Семантический поиск: проблемы и технологии},
  author={Басипов, Андрей Алексеевич and Демич, Ольга Валерьевна},
  journal={Вестник Астраханского государственного технического университета. Серия: Управление, вычислительная техника и информатика},
  number={1},
  pages={104--111},
  year={2012},
  publisher={Федеральное государственное образовательное учреждение высшего~…},
  language = {russian},
}
%
@inproceedings{ye2016word,
  title={From word embeddings to document similarities for improved information retrieval in software engineering},
  author={Ye, Xin and Shen, Hui and Ma, Xiao and Bunescu, Razvan and Liu, Chang},
  booktitle={Proceedings of the 38th international conference on software engineering},
  pages={404--415},
  year={2016}
}

@book{jm3,
  author =       "Daniel Jurafsky and James H. Martin",
  title =        "Speech and Language Processing: An Introduction to
                 Natural Language Processing, Computational Linguistics,
                 and Speech Recognition with Language Models",
  publisher = {Stanford University},
  address={California, USA},
  pages={1--599},
  year = {2025},
}

@article{vaswani2017attention,
  title={Attention is all you need},
  author={Vaswani, Ashish and Shazeer, Noam and Parmar, Niki and Uszkoreit, Jakob and Jones, Llion and Gomez, Aidan N and Kaiser, {\L}ukasz and Polosukhin, Illia},
  journal={Advances in neural information processing systems},
  volume={30},
  year={2017},
  pages={1--11}
}

@article{wang2019evaluating,
  title={Evaluating word embedding models: Methods and experimental results},
  author={Wang, Bin and Wang, Angela and Chen, Fenxiao and Wang, Yuncheng and Kuo, C-C Jay},
  journal={APSIPA transactions on signal and information processing},
  volume={8},
  pages={1--14},
  year={2019},
  publisher={Cambridge University Press}
}